% example .bib file for use with report.tex

@article{brooks90
  ,author = {Rodney Brooks}
  ,title = {Elephants Don't Play Chess}
  ,journal = {Robotics and Autonomous Systems}
  ,volume = {Vol 6}
  ,year = 1990
}
