@article{bonura09
  ,author = {Bonura, S and Morreale, V and Francaviglia, G and Marguglio, A and Cammarata, G and Puccio, M}
  ,title = {Intentions in BDI Agents: From Theory to Implementation}
  ,journal = {7th International Conference on Practical Applications of Agents and Multi-Agent Systems}
  ,volume = {55}
  ,year = 2009
  ,pages = {227--236}
}

@article{brooks90
  ,author = {Brooks, Rodney}
  ,title = {Elephants Don't Play Chess}
  ,journal = {Robotics and Autonomous Systems}
  ,volume = {6}
  ,year = 1990
  ,pages = {3--15}
}

@article{butler01
  ,author = {Butler, Greg and Gantchev, Andrea and Grogono, Peter}
  ,title = {Object-oriented design of the subsumption architecture}
  ,journal = {Software--Practice and experience}
  ,volume = {31}
  ,year = 2001
  ,pages = {911--923}
}

@article{hart68
  ,author = {Hart, Peter and Nilsson, Nils and Raphael, Bertram}
  ,title = {A Formal Basis for the Heuristic Determination of Minimum Cost Paths}
  ,journal = {IEEE Transactions on Systems Science and Cybernetics}
  ,volume = {4}
  ,year = 1968
  ,pages = {100--107}
}

@misc{raycast
  ,author = {Permadi, F}
  ,title = {Ray-Casting Tutorial For Game Development And Other Purposes}
  ,howpublished = "\url{http://www.permadi.com/tutorial/raycast/rayc7.html}"
  ,year = {1996}
  ,note = {Accessed Jan 21st 2014}
}

@article{rao91
  ,author = {Rao, Anand and Georgeff, Michael}
  ,title = {Modeling Rational Agents within a {BDI}-Architecture}
  ,journal = {Proceedings of Knowledge Representation and Reasoning}
  ,year = 1991
  ,pages = {473--484}
}

@article{rao95
  ,author = {Rao, Anand and Georgeff, Michael}
  ,title = {{BDI} Agents: From Theory to Practice}
  ,journal = {Proceedings of the First International Conference on Multi-Agent Systems}
  ,year = 1995
  ,pages = {312--319}
}

@article{buro05
  ,author = {Sturtevant, Nathan and Buro, Michael}
  ,title = {Partial Pathfinding using Map Abstraction and Refinement}
  ,journal = {AAAI'05 Proceedings of the 20th national conference on Artificial intelligence}
  ,volume = {3}
  ,year = 2005
  ,pages = {1392--1397}
}

@book{wooldridge09
    ,author = {Wooldridge, M}
    ,title = {An Introduction to MultiAgent Systems}
    ,publisher = {John Wiley \& Sons}
    ,edition = {Second}
    ,year = 2009
}

@book{russell10
    ,author = {Russell, S and Norvig, P}
    ,title = {Artificial Intelligence: A Modern Approach}
    ,publisher = {Pearson}
    ,edition = {Third}
    ,year = 2010
}

@article{bulitko10
    ,author = {Bulitko, V and Bj\"{o}rnsson, Y and Sturtevant, N and Lawrence, R}
    ,title = {Real-time Heuristic Search for Pathfinding in Video Games}
    ,journal = {Artificial Intelligence for Computer Games}
    ,year = 2010
    ,pages = {1--30}
}

@article{brooks86
    ,author = {Brooks, Rodney}
    ,title = {A Robust Layered Control System for a Mobile Robot}
    ,journal = {IEEE Journal of Robotics and Automation}
    ,volume = {2}
    ,year = 1986
    ,pages = {14--23}
}

@article{bulitko09
  ,author = {Bulitko, Vadim and Bj√∂rnsson, Yngvi}
  ,title = {{kNN LRTA}*: Simple Subgoaling for Real-Time Search.}
  ,journal = {Proceedings of Artificial Intelligence and Interactive Digital Entertainment}
  ,year = 2009
  ,pages = {2--7}
}

@article{bjornsson09
  ,author = {Bj\"{o}rnsson, Y and Bulitko, V and Sturtevant, N}
  ,title = {{TBA}*: Time-bounded A*}
  ,journal = {Proceedings of the International Joint Conference on Artificial Intelligence}
  ,year = 2009
  ,pages = {431--436}
}